
@book{cunningham_culture_2009,
	title = {Culture and Values: A Survey of the Humanities},
	isbn = {978-1-111-78354-9},
	shorttitle = {Culture and Values},
	abstract = {Trusted by professors of the humanities survey course for over twenty years, {CULTURE} {AND} {VALUES}: A {SURVEY} {OF} {THE} {HUMANITIES} covers Western cultures along with important non-Western cultures, providing students solid, accessible introductions to art, music, philosophy, literature, and more. Available without end-of-chapter readings in two volumes, or as an alternate single comprehensive volume, this text remains the most readable and reliable textbook for college and university students in the integrated humanities. The volumes without readings can be customized with readings that you select through our innovative 'Make It Yours' program.Important Notice: Media content referenced within the product description or the product text may not be available in the ebook version.},
	pagetotal = {365},
	publisher = {Cengage Learning},
	author = {Cunningham, Lawrence S. and Reich, John J.},
	date = {2009-01-20},
	langid = {english},
	note = {Google-Books-{ID}: {wXcEAAAAQBAJ}},
	keywords = {Education / General}
}